ISA*00*          *00*          *ZZ*931211733      *ZZ*999999999      *060903*1343*U*00401*000000067*0*T*:~GS*HP*931211733*999999999*20060902*1503*000001*X*004010X091~ST*835*1234~BPR*I*117.16*C*CHK************20060831~TRN*1*12350*1930333333~REF*F2*FS3.21~DTM*405*20060831~N1*PR*WCHHS~N3*P.O. BOX 5490~N4*SALEM*OR*97304~REF*2U*999~PER*CX*JOHNNY CASH*TE*5035552323~N1*PE*OUR CLINIC*XX*1234567890~N3*123 4TH STREET*~N4*PORTLAND*OR*97200~REF*TJ*123456789~LX*961211~TS3*1234567890*11*20061231*1*124.64*117.16*****~TS2*2178.45*1919.71**56.82*197.69*4.23~CLP*1004*1*124.64*117.16**MC*1999999444444*11~NM1*QC*1*MONK*THELONIOUS****HN*666666666A~NM1*IL*1*POWELL*BUD~MIA*0***75.00*M2***************MA26~DTM*232*20060703~DTM*233*20060714~QTY*CA*8~SVC*HC:90862:HK*124.64*117.16**2~DTM*472*20060703~CAS*CO*23*7.48~REF*6R*1013~SE*29*1234~GE*1*000001~IEA*1*000000067~