ISA*00*          *00*          *ZZ*931211733      *ZZ*999999999      *060915*1343*U*00401*000000069*0*T*:~GS*HP*931211733*999999999*20060915*1503*000001*X*004010X091~ST*835*1234~BPR*I*643.6*C*CHK************20060915~TRN*1*070712*1930555555~REF*F2*FS3.21~DTM*405*20060915~N1*PR*WCHHS~N3*P.O. BOX 5490~N4*SALEM*OR*97304~REF*2U*999~PER*CX*HOWLIN WOLF*TE*5035551212~N1*PE*OUR CLINIC*XX*123456789~N3*123 4TH STREET~N4*PORTLAND*OR*97215~REF*TJ*123456789~LX*961211~CLP*1008*2*643.60*643.60**MC*1999999444444*11~NM1*QC*1*MONK*THELONIOUS****HN*CLIENTNUM19171010~NM1*IL*1*POWELL*BUD~DTM*232*20060719~DTM*233*20060724~SVC*HC:90862:HK*249.28*148.81**4~DTM*472*20060719~CAS*CO*23*100.47~REF*6R*1027~SVC*HC:90806*262.88*152.88**4~DTM*472*20060721~CAS*CO*23*110.00~REF*6R*1028~SVC*HC:90806*131.44*131.44**2~DTM*472*20060724~REF*6R*1029~SE*32*1234~GE*1*000001~IEA*1*000000069~