ISA*00*          *00*          *ZZ*00824          *ZZ*OR00000        *060902*1343*U*00401*000000066*0*T*:~GS*HP*00824*OR00000*20060902*1503*000001*X*004010X091~ST*835*1234~BPR*I*684.91*C*CHK************20060831~TRN*1*12345*1930555555~REF*F2*FS3.21~DTM*405*20060831~N1*PR*MEDICARE B OF OREGON~N3*PO BOX 9319~N4*FARGO*ND*581066702~REF*2U*999~PER*CX*HOWLIN WOLF*TE*5035551212~N1*PE*OUR CLINIC*XX*1234567890~N3*123 4TH STREET*~N4*PORTLAND*OR*97200~REF*TJ*123456789~LX*961211~TS3*1234567890*11*20061231*1*775.04*657.88*25.00*50.00***~TS2*2178.45*1919.71**56.82*197.69*4.23~CLP*1002*1*775.04*657.88*42.16*MB*1999999444444*11~NM1*QC*1*MONK*THELONIOUS****MR*0141~NM1*IL*1*DE KOENIGSWARTER*NICA~MIA*0***75.00*M2***************MA26~DTM*232*20060703~DTM*233*20060714~QTY*CA*8~SVC*HC:90862:HK*124.64*7.48**2~DTM*472*20060703~CAS*CO*A2*75.00~CAS*PR*A2*42.16*1~REF*6R*1003~LQ*HE*M137~LQ*HE*M1~SVC*HC:90862*131.44*131.44**2~DTM*472*20060705~REF*6R*1004~SVC*HC:90806*131.44*131.44**2~DTM*472*20060707~REF*6R*1005~SVC*HC:90806*131.44*131.44**2~DTM*472*20060710~REF*6R*1006~SVC*HC:90862*131.44*131.44**2~DTM*472*20060712~REF*6R*1007~SVC*HC:90862:HK*124.64*124.64**2~DTM*472*20060714~REF*6R*1008~LX*961212~TS3*1234567890*12*20061231*1*525.76*25.76*0*500.00***~TS2******~CLP*1003*1*525.76*25.76**MB*1999999444444*12~NM1*QC*1*FITZGERALD*ELLA****HN*666666777A~NM1*IL*1*GERSHWIN*GEORGE~MIA*0***75.00*M2***************MA26~DTM*232*20060703~DTM*233*20060714~QTY*CA*8~SVC*HC:90806*131.44*0.00**2~DTM*472*20060703~CAS*CO*A2*131.44~REF*6R*1009~SVC*HC:90806*131.44*0.00**2~DTM*472*20060707~CAS*CO*A2*131.44~REF*6R*1010~SVC*HC:90806*131.44*0.00**2~DTM*472*20060710~CAS*CO*A2*131.44~REF*6R*1011~SVC*HC:90806*131.44*25.76**2~CAS*CO*A2*105.68~DTM*472*20060714~REF*6R*1012~PLB*1234567890*20061231*CV:CP*-1.27~SE*74*1234~GE*1*000001~IEA*1*000000066~