ISA*00*          *00*          *ZZ*931211733      *ZZ*999999999      *070620*1343*U*00401*000000068*0*T*:~GS*HP*931211733*999999999*20070620*1503*000001*X*004010X091~ST*835*1234~BPR*I*1393.43*C*CHK************20070620~TRN*1*070620*1930555555~REF*F2*FS3.21~DTM*405*20070620~N1*PR*WCHHS~N3*P.O. BOX 5490~N4*SALEM*OR*97304~REF*2U*999~PER*CX*JOHNNY CASH*TE*5035552323~N1*PE*OUR CLINIC*XX*123456789~N3*123 4TH STREET~N4*PORTLAND*OR*97215~REF*TJ*123456789~LX*961211~CLP*1005*1*1037.92*636.23**MB*1999999444444*11~NM1*QC*1*MONK*THELONIOUS****HN*CLIENTNUM19171010~NM1*IL*1*DE KOENIGSWARTER*NICA~DTM*232*20060717~DTM*233*20060731~SVC*HC:90806*131.44*131.44**2~DTM*472*20060717~REF*6R*1014~SVC*HC:90862:HK*249.28*100.47**4~DTM*472*20060719~CAS*CO*A2*149.28~REF*6R*1015~SVC*HC:90806*262.88*100.00**2~DTM*472*20060721~CAS*CO*A2*162.88~REF*6R*1016~SVC*HC:90806*131.44*0.00**2~DTM*472*20060724~CAS*CO*A2*131.44~REF*6R*1017~SVC*HC:90862*131.44*131.44**2~DTM*472*20060726~REF*6R*1018~SVC*HC:90806*131.44*131.44**2~DTM*472*20060728~REF*6R*1019~SVC*HC:90806*131.44*131.44**2~DTM*472*20060731~REF*6R*1020~SE*45*1234~GE*1*000001~IEA*1*000000068~