ISA*00*          *00*          *ZZ*00824          *ZZ*OR00000        *070710*1343*U*00401*000000066*0*T*:
GS*HP*00824*OR00000*20070710*1503*000001*X*004010X091
ST*835*1234
BPR*I*7127.86*C*CHK************20070710
TRN*1*070710*1930555555
REF*F2*FS3.21
DTM*405*20070710
N1*PR*MEDICARE B OF OREGON
N3*PO BOX 9319
N4*FARGO*ND*581066702
REF*2U*999
PER*CX*HOWLIN WOLF*TE*5035551212
N1*PE*OUR CLINIC*XX*123456789
N3*123 4TH STREET
N4*PORTLAND*OR*97215
REF*TJ*123456789
LX*961211
CLP*1015*1*107.06*107.06**MC*1999999444444*11
NM1*QC*1*GERLACH*BRICE****HN*CLIENTNUM19710728
DTM*232*20061219
DTM*233*20061219
SVC*HC:90805*107.06*107.06**1
DTM*472*20061219
REF*6R*1019
CLP*1016*1*43.40*43.40**MC*1999999444444*11
NM1*QC*1*GERLACH*BRICE****HN*CLIENTNUM19710728
DTM*232*20061206
DTM*233*20061219
SVC*HC:H0034*21.7*21.7**1
DTM*472*20061206
REF*6R*1020
SVC*HC:H0034*21.7*21.7**1
DTM*472*20061219
REF*6R*1021
CLP*1017*1*21.70*21.70**MC*1999999444444*11
NM1*QC*1*SPINKA*MILES****HN*CLIENTNUM19640814
DTM*232*20061213
DTM*233*20061213
SVC*HC:H0034*21.7*21.7**1
DTM*472*20061213
REF*6R*1022
CLP*1018*1*107.06*107.06**MC*1999999444444*11
NM1*QC*1*STAMM*HALEIGH****HN*CLIENTNUM19750307
DTM*232*20061205
DTM*233*20061205
SVC*HC:90805*107.06*107.06**1
DTM*472*20061205
REF*6R*1023
CLP*1019*1*43.40*43.40**MC*1999999444444*11
NM1*QC*1*STAMM*HALEIGH****HN*CLIENTNUM19750307
DTM*232*20061215
DTM*233*20061215
SVC*HC:H0034*43.4*43.4**2
DTM*472*20061215
REF*6R*1024
CLP*1020*1*49.86*49.86**MC*1999999444444*
NM1*QC*1*STAMM*HALEIGH****HN*CLIENTNUM19750307
DTM*232*20061213
DTM*233*20061213
SVC*HC:H0004*49.86*49.86**2
DTM*472*20061213
REF*6R*1025
CLP*1021*2*62.96*62.96**MC*1999999444444*11
NM1*QC*1*DIETRICH*MARGUERITE****HN*CLIENTNUM19800115
DTM*232*20061214
DTM*233*20061221
SVC*HC:H0036*31.48*31.48**4
DTM*472*20061214
REF*6R*1026
SVC*HC:H0036*31.48*31.48**4
DTM*472*20061221
REF*6R*1027
CLP*1022*1*107.06*107.06**MC*1999999444444*11
NM1*QC*1*WILDERMAN*JOANNY****HN*CLIENTNUM19810828
DTM*232*20061220
DTM*233*20061220
SVC*HC:90805*107.06*107.06**1
DTM*472*20061220
REF*6R*1028
CLP*1023*1*15.74*15.74**MC*1999999444444*11
NM1*QC*1*PROSACCO*CURTIS****HN*CLIENTNUM19570125
DTM*232*20061212
DTM*233*20061212
SVC*HC:H0036*15.74*15.74**2
DTM*472*20061212
REF*6R*1029
CLP*1024*1*49.86*49.86**MC*1999999444444*11
NM1*QC*1*PROSACCO*CURTIS****HN*CLIENTNUM19570125
DTM*232*20061219
DTM*233*20061219
SVC*HC:H0004*49.86*49.86**2
DTM*472*20061219
REF*6R*1030
CLP*1025*1*43.40*43.40**MC*1999999444444*11
NM1*QC*1*FARRELL*CHANELLE****HN*CLIENTNUM19730807
DTM*232*20061215
DTM*233*20061215
SVC*HC:H0034*43.4*43.4**2
DTM*472*20061215
REF*6R*1031
CLP*1026*1*124.65*124.65**MC*1999999444444*
NM1*QC*1*PROHASKA*KRISTIAN****HN*CLIENTNUM19800501
DTM*232*20061213
DTM*233*20061215
SVC*HC:H0004*49.86*49.86**2
DTM*472*20061213
REF*6R*1032
SVC*HC:H0004*74.79*74.79**3
DTM*472*20061215
REF*6R*1033
CLP*1027*2*24.93*24.93**MC*1999999444444*11
NM1*QC*1*DAUGHERTY*MYRNA****HN*CLIENTNUM19531024
DTM*232*20061219
DTM*233*20061219
SVC*HC:H0004*24.93*24.93**1
DTM*472*20061219
REF*6R*1034
CLP*1028*2*21.70*21.70**MC*1999999444444*11
NM1*QC*1*DAUGHERTY*MYRNA****HN*CLIENTNUM19531024
DTM*232*20061215
DTM*233*20061215
SVC*HC:H0034*21.7*21.7**1
DTM*472*20061215
REF*6R*1035
CLP*1029*1*107.06*107.06**MC*1999999444444*11
NM1*QC*1*ZBONCAK*ARIELLE****HN*CLIENTNUM19690715
DTM*232*20061220
DTM*233*20061220
SVC*HC:90805*107.06*107.06**1
DTM*472*20061220
REF*6R*1036
CLP*1030*1*49.86*49.86**MC*1999999444444*11
NM1*QC*1*KUHN*WESTON****HN*CLIENTNUM19480203
DTM*232*20061220
DTM*233*20061220
SVC*HC:H0004*49.86*49.86**2
DTM*472*20061220
REF*6R*1037
CLP*1031*2*107.06*107.06**MC*1999999444444*11
NM1*QC*1*HARVEY*CELIA****HN*CLIENTNUM19610430
DTM*232*20061212
DTM*233*20061212
SVC*HC:90805*107.06*107.06**1
DTM*472*20061212
REF*6R*1038
CLP*1032*2*24.93*24.93**MC*1999999444444*
NM1*QC*1*BOGAN*EMIL****HN*CLIENTNUM19560427
DTM*232*20061221
DTM*233*20061221
SVC*HC:H0004*24.93*24.93**1
DTM*472*20061221
REF*6R*1039
CLP*1033*1*56.25*56.25**MC*1999999444444*11
NM1*QC*1*KESSLER*KEYON****HN*CLIENTNUM19571020
DTM*232*20061205
DTM*233*20061205
SVC*HC:H2027*56.25*56.25**9
DTM*472*20061205
REF*6R*1040
CLP*1034*2*21.70*21.70**MC*1999999444444*11
NM1*QC*1*KEELING*REUBEN****HN*CLIENTNUM19710410
DTM*232*20061212
DTM*233*20061212
SVC*HC:H0034*21.7*21.7**1
DTM*472*20061212
REF*6R*1041
CLP*1035*2*149.58*149.58**MC*1999999444444*
NM1*QC*1*HETTINGER*HERBERT****HN*CLIENTNUM19691231
DTM*232*20061211
DTM*233*20061213
SVC*HC:H0004*49.86*49.86**2
DTM*472*20061211
REF*6R*1042
SVC*HC:H0004*99.72*99.72**4
DTM*472*20061213
REF*6R*1043
CLP*1036*1*36.00*36.00**MC*1999999444444*11
NM1*QC*1*ABBOTT*ADAH****HN*CLIENTNUM19470627
DTM*232*20061220
DTM*233*20061220
SVC*HC:H2014*36*36**8
DTM*472*20061220
REF*6R*1044
CLP*1037*2*21.70*21.70**MC*1999999444444*11
NM1*QC*1*MCLAUGHLIN*MYRTICE****HN*CLIENTNUM19590411
DTM*232*20061215
DTM*233*20061215
SVC*HC:H0034*21.7*21.7**1
DTM*472*20061215
REF*6R*1045
CLP*1038*1*260.40*260.40**MC*1999999444444*11
NM1*QC*1*RITCHIE*POLLY****HN*CLIENTNUM19590815
DTM*232*20061218
DTM*233*20061218
SVC*HC:H2021*260.4*260.4**6
DTM*472*20061218
REF*6R*1046
CLP*1039*2*19.00*19.00**MC*1999999444444*11
NM1*QC*1*BREKKE*OTTIS****HN*CLIENTNUM19600311
DTM*232*20061218
DTM*233*20061218
SVC*HC:T1016:HN*19*19**1
DTM*472*20061218
REF*6R*1047
CLP*1040*1*107.06*107.06**MC*1999999444444*11
NM1*QC*1*CHAMPLIN*ISMAEL****HN*CLIENTNUM19670629
DTM*232*20061219
DTM*233*20061219
SVC*HC:90805*107.06*107.06**1
DTM*472*20061219
REF*6R*1048
CLP*1041*1*21.70*21.70**MC*1999999444444*11
NM1*QC*1*GORCZANY*LILY****HN*CLIENTNUM19720703
DTM*232*20061218
DTM*233*20061218
SVC*HC:H0034*21.7*21.7**1
DTM*472*20061218
REF*6R*1049
CLP*1042*1*21.70*21.70**MC*1999999444444*11
NM1*QC*1*STARK*MAURINE****HN*CLIENTNUM19530414
DTM*232*20061215
DTM*233*20061215
SVC*HC:H0034*21.7*21.7**1
DTM*472*20061215
REF*6R*1050
CLP*1043*2*99.72*99.72**MC*1999999444444*
NM1*QC*1*BARROWS*WALKER****HN*CLIENTNUM19530916
DTM*232*20061213
DTM*233*20061213
SVC*HC:H0004*99.72*99.72**4
DTM*472*20061213
REF*6R*1051
CLP*1044*2*118.75*118.75**MC*1999999444444*11
NM1*QC*1*GERHOLD*GENE****HN*CLIENTNUM19670525
DTM*232*20061205
DTM*233*20061221
SVC*HC:H2027*25*25**4
DTM*472*20061205
REF*6R*1052
SVC*HC:H2027*25*25**4
DTM*472*20061212
REF*6R*1053
SVC*HC:H2027*43.75*43.75**7
DTM*472*20061214
REF*6R*1054
SVC*HC:H2027*25*25**4
DTM*472*20061221
REF*6R*1055
CLP*1045*2*99.72*99.72**MC*1999999444444*11
NM1*QC*1*GERHOLD*GENE****HN*CLIENTNUM19670525
DTM*232*20061215
DTM*233*20061215
SVC*HC:H0004*99.72*99.72**4
DTM*472*20061215
REF*6R*1056
CLP*1046*2*99.72*99.72**MC*1999999444444*
NM1*QC*1*LARSON*AUGUSTINE****HN*CLIENTNUM19670628
DTM*232*20061211
DTM*233*20061221
SVC*HC:H0004*49.86*49.86**2
DTM*472*20061211
REF*6R*1057
SVC*HC:H0004*49.86*49.86**2
DTM*472*20061221
REF*6R*1058
CLP*1047*1*107.06*107.06**MC*1999999444444*11
NM1*QC*1*JOHNS*SUNNY****HN*CLIENTNUM19560529
DTM*232*20061214
DTM*233*20061214
SVC*HC:90805*107.06*107.06**1
DTM*472*20061214
REF*6R*1059
CLP*1048*1*54.75*54.75**MC*1999999444444*11
NM1*QC*1*JOHNS*SUNNY****HN*CLIENTNUM19560529
DTM*232*20061212
DTM*233*20061220
SVC*HC:H2027*18.75*18.75**3
DTM*472*20061212
REF*6R*1060
SVC*HC:H2014*36*36**8
DTM*472*20061220
REF*6R*1061
CLP*1049*1*260.40*260.40**MC*1999999444444*
NM1*QC*1*JOHNS*SUNNY****HN*CLIENTNUM19560529
DTM*232*20061218
DTM*233*20061218
SVC*HC:H2021*260.4*260.4**6
DTM*472*20061218
REF*6R*1062
CLP*1050*2*99.73*99.73**MC*1999999444444*11
NM1*QC*1*GISLASON*PAMELA****HN*CLIENTNUM19581022
DTM*232*20061220
DTM*233*20061220
SVC*HC:90882*99.73*99.73**1
DTM*472*20061220
REF*6R*1063
CLP*1051*2*19.00*19.00**MC*1999999444444*11
NM1*QC*1*GISLASON*PAMELA****HN*CLIENTNUM19581022
DTM*232*20061211
DTM*233*20061211
SVC*HC:T1016:HN*19*19**1
DTM*472*20061211
REF*6R*1064
CLP*1052*2*21.70*21.70**MC*1999999444444*11
NM1*QC*1*GISLASON*PAMELA****HN*CLIENTNUM19581022
DTM*232*20061215
DTM*233*20061215
SVC*HC:H0034*21.7*21.7**1
DTM*472*20061215
REF*6R*1065
CLP*1053*2*21.70*21.70**MC*1999999444444*11
NM1*QC*1*MANTE*CORA****HN*CLIENTNUM19681106
DTM*232*20061221
DTM*233*20061221
SVC*HC:H0034*21.7*21.7**1
DTM*472*20061221
REF*6R*1066
CLP*1054*2*99.72*99.72**MC*1999999444444*
NM1*QC*1*MANTE*CORA****HN*CLIENTNUM19681106
DTM*232*20061211
DTM*233*20061211
SVC*HC:H0004*99.72*99.72**4
DTM*472*20061211
REF*6R*1067
CLP*1055*3*43.40*43.40**MC*1999999444444*11
NM1*QC*1*HANE*TIMMY****HN*CLIENTNUM19600916
DTM*232*20061215
DTM*233*20061215
SVC*HC:H0034*43.4*43.4**2
DTM*472*20061215
REF*6R*1068
CLP*1056*2*107.06*107.06**MC*1999999444444*11
NM1*QC*1*BEER*NEWTON****HN*CLIENTNUM19590502
DTM*232*20061220
DTM*233*20061220
SVC*HC:90805*107.06*107.06**1
DTM*472*20061220
REF*6R*1069
CLP*1057*2*173.60*173.60**MC*1999999444444*
NM1*QC*1*GAYLORD*SANTA****HN*CLIENTNUM19531129
DTM*232*20061220
DTM*233*20061220
SVC*HC:H2021*173.6*173.6**4
DTM*472*20061220
REF*6R*1070
CLP*1058*2*21.70*21.70**MC*1999999444444*11
NM1*QC*1*MCKENZIE*MITCHEL****HN*CLIENTNUM19530824
DTM*232*20061212
DTM*233*20061212
SVC*HC:H0034*21.7*21.7**1
DTM*472*20061212
REF*6R*1071
CLP*1059*1*25.00*25.00**MC*1999999444444*11
NM1*QC*1*LANG*ZOE****HN*CLIENTNUM19600416
DTM*232*20061218
DTM*233*20061218
SVC*HC:H2027*25*25**4
DTM*472*20061218
REF*6R*1072
CLP*1060*1*49.86*49.86**MC*1999999444444*11
NM1*QC*1*LANG*ZOE****HN*CLIENTNUM19600416
DTM*232*20061215
DTM*233*20061215
SVC*HC:H0004*49.86*49.86**2
DTM*472*20061215
REF*6R*1073
CLP*1061*3*107.06*107.06**MC*1999999444444*11
NM1*QC*1*CONN*FABIAN****HN*CLIENTNUM19640531
DTM*232*20061205
DTM*233*20061205
SVC*HC:90805*107.06*107.06**1
DTM*472*20061205
REF*6R*1074
CLP*1062*3*21.70*21.70**MC*1999999444444*11
NM1*QC*1*CONN*FABIAN****HN*CLIENTNUM19640531
DTM*232*20061211
DTM*233*20061211
SVC*HC:H0034*21.7*21.7**1
DTM*472*20061211
REF*6R*1075
CLP*1063*3*107.06*107.06**MC*1999999444444*11
NM1*QC*1*EFFERTZ*WOODROW****HN*CLIENTNUM19570121
DTM*232*20061205
DTM*233*20061205
SVC*HC:90805*107.06*107.06**1
DTM*472*20061205
REF*6R*1076
CLP*1064*3*38.00*38.00**MC*1999999444444*
NM1*QC*1*EFFERTZ*WOODROW****HN*CLIENTNUM19570121
DTM*232*20061214
DTM*233*20061214
SVC*HC:H2032*38*38**2
DTM*472*20061214
REF*6R*1077
CLP*1065*1*107.06*107.06**MC*1999999444444*11
NM1*QC*1*O'REILLY*ENID****HN*CLIENTNUM19730513
DTM*232*20061205
DTM*233*20061205
SVC*HC:90805*107.06*107.06**1
DTM*472*20061205
REF*6R*1078
CLP*1066*1*36.00*36.00**MC*1999999444444*11
NM1*QC*1*MERTZ*JAY****HN*CLIENTNUM19640430
DTM*232*20061220
DTM*233*20061220
SVC*HC:H2014*36*36**8
DTM*472*20061220
REF*6R*1079
CLP*1067*1*152.00*152.00**MC*1999999444444*11
NM1*QC*1*MERTZ*JAY****HN*CLIENTNUM19640430
DTM*232*20061211
DTM*233*20061218
SVC*HC:H2032*76*76**4
DTM*472*20061211
REF*6R*1080
SVC*HC:H2032*76*76**4
DTM*472*20061218
REF*6R*1081
CLP*1068*1*24.93*24.93**MC*1999999444444*11
NM1*QC*1*HARVEY*NICOLAS****HN*CLIENTNUM19551124
DTM*232*20061211
DTM*233*20061211
SVC*HC:H0004*24.93*24.93**1
DTM*472*20061211
REF*6R*1082
CLP*1069*1*124.65*124.65**MC*1999999444444*11
NM1*QC*1*WISOZK*AUDIE****HN*CLIENTNUM19580506
DTM*232*20061211
DTM*233*20061211
SVC*HC:H0004*124.65*124.65**5
DTM*472*20061211
REF*6R*1083
CLP*1070*2*107.06*107.06**MC*1999999444444*11
NM1*QC*1*BASHIRIAN*SHEA****HN*CLIENTNUM19601108
DTM*232*20061221
DTM*233*20061221
SVC*HC:90805*107.06*107.06**1
DTM*472*20061221
REF*6R*1084
CLP*1071*2*19.00*19.00**MC*1999999444444*11
NM1*QC*1*BASHIRIAN*SHEA****HN*CLIENTNUM19601108
DTM*232*20061221
DTM*233*20061221
SVC*HC:T1016:HN*19*19**1
DTM*472*20061221
REF*6R*1085
CLP*1072*2*152.00*152.00**MC*1999999444444*
NM1*QC*1*BASHIRIAN*SHEA****HN*CLIENTNUM19601108
DTM*232*20061220
DTM*233*20061220
SVC*HC:H2032*152*152**8
DTM*472*20061220
REF*6R*1086
CLP*1073*1*21.70*21.70**MC*1999999444444*11
NM1*QC*1*DICKINSON*LETITIA****HN*CLIENTNUM19680906
DTM*232*20061211
DTM*233*20061211
SVC*HC:H0034*21.7*21.7**1
DTM*472*20061211
REF*6R*1087
CLP*1074*1*21.70*21.70**MC*1999999444444*11
NM1*QC*1*CRUICKSHANK*BROOKLYN****HN*CLIENTNUM19590508
DTM*232*20061215
DTM*233*20061215
SVC*HC:H0034*21.7*21.7**1
DTM*472*20061215
REF*6R*1088
CLP*1075*1*43.40*43.40**MC*1999999444444*11
NM1*QC*1*PAUCEK*GIOVANNA****HN*CLIENTNUM19491226
DTM*232*20061213
DTM*233*20061220
SVC*HC:H0034*21.7*21.7**1
DTM*472*20061213
REF*6R*1089
SVC*HC:H0034*21.7*21.7**1
DTM*472*20061220
REF*6R*1090
CLP*1076*1*21.70*21.70**MC*1999999444444*11
NM1*QC*1*PAUCEK*GIOVANNA****HN*CLIENTNUM19491226
DTM*232*20061215
DTM*233*20061215
SVC*HC:H0034*21.7*21.7**1
DTM*472*20061215
REF*6R*1091
CLP*1077*1*118.30*118.30**MC*1999999444444*11
NM1*QC*1*RATKE*MACIE****HN*CLIENTNUM19571212
DTM*232*20061218
DTM*233*20061218
SVC*HC:90806*118.3*118.3**2
DTM*472*20061218
REF*6R*1092
CLP*1078*1*107.06*107.06**MC*1999999444444*11
NM1*QC*1*MOSCISKI*SHAD****HN*CLIENTNUM19690811
DTM*232*20061207
DTM*233*20061207
SVC*HC:90805*107.06*107.06**1
DTM*472*20061207
REF*6R*1093
CLP*1079*1*74.79*74.79**MC*1999999444444*11
NM1*QC*1*MOSCISKI*SHAD****HN*CLIENTNUM19690811
DTM*232*20061219
DTM*233*20061219
SVC*HC:H0004*74.79*74.79**3
DTM*472*20061219
REF*6R*1094
CLP*1080*2*36.00*36.00**MC*1999999444444*11
NM1*QC*1*KEEBLER*CRUZ****HN*CLIENTNUM19691210
DTM*232*20061220
DTM*233*20061220
SVC*HC:H2014*36*36**8
DTM*472*20061220
REF*6R*1095
CLP*1081*1*107.06*107.06**MC*1999999444444*11
NM1*QC*1*BRUEN*DANIELA****HN*CLIENTNUM19560816
DTM*232*20061221
DTM*233*20061221
SVC*HC:90805*107.06*107.06**1
DTM*472*20061221
REF*6R*1096
CLP*1082*2*36.00*36.00**MC*1999999444444*11
NM1*QC*1*ADAMS*CAROLINE****HN*CLIENTNUM19600821
DTM*232*20061220
DTM*233*20061220
SVC*HC:H2014*36*36**8
DTM*472*20061220
REF*6R*1097
CLP*1083*2*76.00*76.00**MC*1999999444444*11
NM1*QC*1*ADAMS*CAROLINE****HN*CLIENTNUM19600821
DTM*232*20061220
DTM*233*20061220
SVC*HC:H2032*76*76**4
DTM*472*20061220
REF*6R*1098
CLP*1084*1*171.00*171.00**MC*1999999444444*11
NM1*QC*1*TREMBLAY*MARGRET****HN*CLIENTNUM19810604
DTM*232*20061213
DTM*233*20061220
SVC*HC:H2032*95*95**5
DTM*472*20061213
REF*6R*1099
SVC*HC:H2032*76*76**4
DTM*472*20061220
REF*6R*1100
CLP*1085*1*107.06*107.06**MC*1999999444444*11
NM1*QC*1*LEFFLER*AMBROSE****HN*CLIENTNUM19440112
DTM*232*20061221
DTM*233*20061221
SVC*HC:90805*107.06*107.06**1
DTM*472*20061221
REF*6R*1101
CLP*1086*1*76.00*76.00**MC*1999999444444*11
NM1*QC*1*LEFFLER*AMBROSE****HN*CLIENTNUM19440112
DTM*232*20061219
DTM*233*20061219
SVC*HC:H2032*76*76**4
DTM*472*20061219
REF*6R*1102
CLP*1087*1*114.00*114.00**MC*1999999444444*11
NM1*QC*1*LEFFLER*AMBROSE****HN*CLIENTNUM19440112
DTM*232*20061219
DTM*233*20061221
SVC*HC:T1016:HN*76*76**4
DTM*472*20061219
REF*6R*1103
SVC*HC:T1016:HN*38*38**2
DTM*472*20061221
REF*6R*1104
CLP*1088*2*107.06*107.06**MC*1999999444444*11
NM1*QC*1*HEGMANN*JOHNSON****HN*CLIENTNUM19700710
DTM*232*20061221
DTM*233*20061221
SVC*HC:90805*107.06*107.06**1
DTM*472*20061221
REF*6R*1105
CLP*1089*2*21.70*21.70**MC*1999999444444*11
NM1*QC*1*HEGMANN*JOHNSON****HN*CLIENTNUM19700710
DTM*232*20061218
DTM*233*20061218
SVC*HC:H0034*21.7*21.7**1
DTM*472*20061218
REF*6R*1106
CLP*1090*1*107.06*107.06**MC*1999999444444*11
NM1*QC*1*ULLRICH*FLORENCIO****HN*CLIENTNUM19760606
DTM*232*20061220
DTM*233*20061220
SVC*HC:90805*107.06*107.06**1
DTM*472*20061220
REF*6R*1107
CLP*1091*2*86.80*86.80**MC*1999999444444*11
NM1*QC*1*HOEGER*DUSTIN****HN*CLIENTNUM19781117
DTM*232*20061213
DTM*233*20061218
SVC*HC:H0034*43.4*43.4**2
DTM*472*20061213
REF*6R*1108
SVC*HC:H0034*43.4*43.4**2
DTM*472*20061218
REF*6R*1109
CLP*1092*1*107.06*107.06**MC*1999999444444*11
NM1*QC*1*GLEICHNER*SUSIE****HN*CLIENTNUM19821008
DTM*232*20061213
DTM*233*20061213
SVC*HC:90805*107.06*107.06**1
DTM*472*20061213
REF*6R*1110
CLP*1093*2*107.06*107.06**MC*1999999444444*11
NM1*QC*1*ROSENBAUM*BARON****HN*CLIENTNUM19600918
DTM*232*20061212
DTM*233*20061212
SVC*HC:90805*107.06*107.06**1
DTM*472*20061212
REF*6R*1111
CLP*1094*1*43.40*43.40**MC*1999999444444*11
NM1*QC*1*WUCKERT*ALBINA****HN*CLIENTNUM19810206
DTM*232*20061215
DTM*233*20061215
SVC*HC:H0034*43.4*43.4**2
DTM*472*20061215
REF*6R*1112
CLP*1095*1*74.79*74.79**MC*1999999444444*11
NM1*QC*1*WUCKERT*ALBINA****HN*CLIENTNUM19810206
DTM*232*20061215
DTM*233*20061215
SVC*HC:H0004*74.79*74.79**3
DTM*472*20061215
REF*6R*1113
CLP*1096*2*38.00*38.00**MC*1999999444444*11
NM1*QC*1*KLOCKO*GEOVANNY****HN*CLIENTNUM19810920
DTM*232*20061128
DTM*233*20061128
SVC*HC:T1016:HN*38*38**2
DTM*472*20061128
REF*6R*1114
CLP*1097*2*520.80*520.80**MC*1999999444444*
NM1*QC*1*KLOCKO*GEOVANNY****HN*CLIENTNUM19810920
DTM*232*20061212
DTM*233*20061215
SVC*HC:H2021*260.4*260.4**6
DTM*472*20061212
REF*6R*1115
SVC*HC:H2021*260.4*260.4**6
DTM*472*20061215
REF*6R*1116
CLP*1098*1*76.00*76.00**MC*1999999444444*11
NM1*QC*1*POLLICH*LAUREN****HN*CLIENTNUM19820811
DTM*232*20061218
DTM*233*20061218
SVC*HC:H2032*76*76**4
DTM*472*20061218
REF*6R*1117
CLP*1099*2*21.70*21.70**MC*1999999444444*11
NM1*QC*1*NITZSCHE*CARISSA****HN*CLIENTNUM19620111
DTM*232*20061215
DTM*233*20061215
SVC*HC:H0034*21.7*21.7**1
DTM*472*20061215
REF*6R*1118
CLP*1100*1*107.06*107.06**MC*1999999444444*11
NM1*QC*1*HARRIS*ORLAND****HN*CLIENTNUM19660220
DTM*232*20061206
DTM*233*20061206
SVC*HC:90805*107.06*107.06**1
DTM*472*20061206
REF*6R*1119
CLP*1101*1*124.65*124.65**MC*1999999444444*11
NM1*QC*1*HARRIS*ORLAND****HN*CLIENTNUM19660220
DTM*232*20061218
DTM*233*20061221
SVC*HC:H0004*99.72*99.72**4
DTM*472*20061218
REF*6R*1120
SVC*HC:H0004*24.93*24.93**1
DTM*472*20061221
REF*6R*1121
CLP*1102*1*107.06*107.06**MC*1999999444444*11
NM1*QC*1*SAWAYN*DAVE****HN*CLIENTNUM19800220
DTM*232*20061206
DTM*233*20061206
SVC*HC:90805*107.06*107.06**1
DTM*472*20061206
REF*6R*1122
SE*873*1234
GE*1*000001
IEA*1*000000066
