ISA*00*          *00*          *ZZ*00824          *ZZ*OR00000        *060905*1343*U*00401*000000068*0*T*:~GS*HP*00824*OR00000*20060905*1503*000001*X*004010X091~ST*835*1234~BPR*I*1826.56*C*CHK************20060905~TRN*1*060905*1930555555~REF*F2*FS3.21~DTM*405*20060905~N1*PR*MEDICARE B OF OREGON~N3*PO BOX 9319~N4*FARGO*ND*581066702~REF*2U*999~PER*CX*HOWLIN WOLF*TE*5035551212~N1*PE*OUR CLINIC*XX*123456789~N3*123 4TH STREET~N4*PORTLAND*OR*97215~REF*TJ*123456789~LX*961211~CLP*1005*1*131.44*100.00**MB*1999999444444*11~NM1*QC*1*MONK*THELONIOUS****HN*CLIENTNUM19171010~NM1*IL*1*DE KOENIGSWARTER*NICA~DTM*232*20060721~DTM*233*20060721~SVC*HC:90806*131.44*100.00**2~DTM*472*20060721~CAS*CO*A2*31.44~REF*6R*1014~CLP*1006*1*1037.92*636.23**MB*1999999444444*11~NM1*QC*1*MONK*THELONIOUS****HN*CLIENTNUM19171010~NM1*IL*1*DE KOENIGSWARTER*NICA~DTM*232*20060717~DTM*233*20060731~SVC*HC:90806*131.44*131.44**2~DTM*472*20060717~REF*6R*1015~SVC*HC:90862:HK*249.28*100.47**4~DTM*472*20060719~CAS*CO*A2*148.81~REF*6R*1016~SVC*HC:90806*131.44*10.00**2~DTM*472*20060721~CAS*CO*A2*121.44~REF*6R*1017~SVC*HC:90806*131.44*0.00**2~DTM*472*20060724~CAS*CO*A2*131.44~REF*6R*1018~SVC*HC:90862*131.44*131.44**2~DTM*472*20060726~REF*6R*1019~SVC*HC:90806*131.44*131.44**2~DTM*472*20060728~REF*6R*1020~SVC*HC:90806*131.44*131.44**2~DTM*472*20060731~REF*6R*1021~CLP*1007*1*657.20*657.20**MB*1999999444444*12~NM1*QC*1*FITZGERALD*ELLA****HN*CLIENTNUM19180425~NM1*IL*1*GERSHWIN*GEORGE~DTM*232*20060717~DTM*233*20060731~SVC*HC:90806*131.44*131.44**2~DTM*472*20060717~REF*6R*1022~SVC*HC:90806*131.44*131.44**2~DTM*472*20060721~REF*6R*1023~SVC*HC:90806*131.44*131.44**2~DTM*472*20060724~REF*6R*1024~SVC*HC:90806*131.44*131.44**2~DTM*472*20060728~REF*6R*1025~SVC*HC:90806*131.44*131.44**2~DTM*472*20060731~REF*6R*1026~SE*74*1234~GE*1*000001~IEA*1*000000068~