ISA*00*          *00*          *ZZ*00824          *ZZ*OR00000        *070710*1343*U*00401*000000066*0*T*:
GS*HP*00824*OR00000*20070710*1503*000001*X*004010X091
ST*835*1234
BPR*I*1180.42*C*CHK************20070710
TRN*1*070710*1930555555
REF*F2*FS3.21
DTM*405*20070710
N1*PR*MEDICARE B OF OREGON
N3*PO BOX 9319
N4*FARGO*ND*581066702
REF*2U*999
PER*CX*HOWLIN WOLF*TE*5035551212
N1*PE*OUR CLINIC*XX*123456789
N3*123 4TH STREET
N4*PORTLAND*OR*97215
REF*TJ*123456789
LX*961211
CLP*1001*1*107.06*107.06**MC*1999999444444*11
NM1*QC*1*KIHN*BRENDA****HN*CLIENTNUM19750528
DTM*232*20061219
DTM*233*20061219
SVC*HC:90805*107.06*107.06**1
DTM*472*20061219
REF*6R*1001
CLP*1002*1*199.46*199.46**MC*1999999444444*11
NM1*QC*1*KIHN*BRENDA****HN*CLIENTNUM19750528
DTM*232*20061207
DTM*233*20061212
SVC*HC:90887*99.73*99.73**1
DTM*472*20061207
REF*6R*1002
SVC*HC:90887*99.73*99.73**1
DTM*472*20061212
REF*6R*1003
CLP*1003*1*62.40*62.40**MC*1999999444444*11
NM1*QC*1*KIHN*BRENDA****HN*CLIENTNUM19750528
DTM*232*20061214
DTM*233*20061221
SVC*HC:H0034*21.7*21.7**1
DTM*472*20061214
REF*6R*1004
SVC*HC:T1016:HN*19*19**1
DTM*472*20061218
REF*6R*1005
SVC*HC:H0034*21.7*21.7**1
DTM*472*20061221
REF*6R*1006
CLP*1004*1*107.06*107.06**MC*1999999444444*11
NM1*QC*1*MEDHURST*JAMAR****HN*CLIENTNUM19860610
DTM*232*20061212
DTM*233*20061212
SVC*HC:90805*107.06*107.06**1
DTM*472*20061212
REF*6R*1007
CLP*1005*1*49.86*49.86**MC*1999999444444*11
NM1*QC*1*MEDHURST*JAMAR****HN*CLIENTNUM19860610
DTM*232*20061215
DTM*233*20061215
SVC*HC:H0004*49.86*49.86**2
DTM*472*20061215
REF*6R*1008
CLP*1006*1*21.70*21.70**MC*1999999444444*11
NM1*QC*1*MEDHURST*JAMAR****HN*CLIENTNUM19860610
DTM*232*20061215
DTM*233*20061215
SVC*HC:H0034*21.7*21.7**1
DTM*472*20061215
REF*6R*1009
CLP*1007*2*21.70*21.70**MC*1999999444444*11
NM1*QC*1*TRANTOW*KARA****HN*CLIENTNUM19600822
DTM*232*20061220
DTM*233*20061220
SVC*HC:H0034*21.7*21.7**1
DTM*472*20061220
REF*6R*1010
CLP*1008*2*107.06*107.06**MC*1999999444444*11
NM1*QC*1*MCCLURE*MIA****HN*CLIENTNUM19820705
DTM*232*20061206
DTM*233*20061206
SVC*HC:90805*107.06*107.06**1
DTM*472*20061206
REF*6R*1011
CLP*1009*2*149.58*149.58**MC*1999999444444*11
NM1*QC*1*HAND*KAIA****HN*CLIENTNUM19560913
DTM*232*20061213
DTM*233*20061213
SVC*HC:H0004*149.58*149.58**6
DTM*472*20061213
REF*6R*1012
CLP*1010*1*107.06*107.06**MC*1999999444444*11
NM1*QC*1*PRICE*MEDA****HN*CLIENTNUM19540725
DTM*232*20061205
DTM*233*20061205
SVC*HC:90805*107.06*107.06**1
DTM*472*20061205
REF*6R*1013
CLP*1011*1*21.70*21.70**MC*1999999444444*11
NM1*QC*1*PRICE*MEDA****HN*CLIENTNUM19540725
DTM*232*20061220
DTM*233*20061220
SVC*HC:H0034*21.7*21.7**1
DTM*472*20061220
REF*6R*1014
CLP*1012*3*107.06*107.06**MC*1999999444444*11
NM1*QC*1*WALKER*ARLO****HN*CLIENTNUM19760728
DTM*232*20061219
DTM*233*20061219
SVC*HC:90805*107.06*107.06**1
DTM*472*20061219
REF*6R*1015
CLP*1013*3*99.72*99.72**MC*1999999444444*11
NM1*QC*1*WALKER*ARLO****HN*CLIENTNUM19760728
DTM*232*20061206
DTM*233*20061215
SVC*HC:H0004*49.86*49.86**2
DTM*472*20061206
REF*6R*1016
SVC*HC:H0004*49.86*49.86**2
DTM*472*20061215
REF*6R*1017
CLP*1014*1*19.00*19.00**MC*1999999444444*11
NM1*QC*1*RAU*MANUELA****HN*CLIENTNUM19800808
DTM*232*20061221
DTM*233*20061221
SVC*HC:T1016:HN*19*19**1
DTM*472*20061221
REF*6R*1018
SE*159*1234
GE*1*000001
IEA*1*000000066
